@TechReport{bluetooth40spec,
  title       = "Core Specification 4.0",
  author      = "{Bluetooth SIG}",
  month       = jun,
  note        = "https://www.bluetooth.org/en-us/specification/adopted-specifications",
  year        = "2010",
  institution = "Bluetooth SIG",
}
@techreport{volpe2001vulnerability,
  title={Vulnerability assessment of the transportation infrastructure relying on the global positioning system},
  author={Caroll, James V},
  institution={John A. Volpe National Transportation Systems Center},
  year={2001}
}
@article{carroll2003vulnerability,
  title={Vulnerability assessment of the US transportation infrastructure that relies on the global positioning system},
  author={Carroll, James V},
  journal={Journal of Navigation},
  volume={56},
  number={2},
  pages={185--194},
  year={2003},
  publisher={Cambridge Univ Press}
}
@article{warner2003gps,
  title={GPS spoofing countermeasures},
  author={Warner, Jon S and Johnston, Roger G},
  journal={Homeland Security Journal},
  year={2003}
}
@article{lo2009signal,
  title={Signal authentication: A secure civil GNSS for today},
  author={Lo, Sherman and De Lorenzo, David and Enge, Per and Akos, Dennis and Bradley, Paul},
  journal={inside GNSS},
  volume={4},
  number={5},
  pages={30--39},
  year={2009}
}
@article{want1992active,
  title={The active badge location system},
  author={Want, Roy and Hopper, Andy and Falcao, Veronica and Gibbons, Jonathan},
  journal={ACM Transactions on Information Systems (TOIS)},
  volume={10},
  number={1},
  pages={91--102},
  year={1992},
  publisher={ACM}
}
@article{harter2002anatomy,
  title={The anatomy of a context-aware application},
  author={Harter, Andy and Hopper, Andy and Steggles, Pete and Ward, Andy and Webster, Paul},
  journal={Wireless Networks},
  volume={8},
  number={2/3},
  pages={187--197},
  year={2002},
  publisher={Springer-Verlag New York, Inc.}
}
@inproceedings{priyantha2000cricket,
  title={The cricket location-support system},
  author={Priyantha, Nissanka B and Chakraborty, Anit and Balakrishnan, Hari},
  booktitle={Proceedings of the 6th annual international conference on Mobile computing and networking},
  pages={32--43},
  year={2000},
  organization={ACM}
}
@incollection{lorincz2005motetrack,
  title={Motetrack: A robust, decentralized approach to RF-based location tracking},
  author={Lorincz, Konrad and Welsh, Matt},
  booktitle={Location-and Context-Awareness},
  pages={63--82},
  year={2005},
  publisher={Springer}
}
@inproceedings{bahl2000radar,
  title={RADAR: An in-building RF-based user location and tracking system},
  author={Bahl, Paramvir and Padmanabhan, Venkata N},
  booktitle={INFOCOM 2000. Nineteenth Annual Joint Conference of the IEEE Computer and Communications Societies. Proceedings. IEEE},
  volume={2},
  pages={775--784},
  year={2000},
  organization={Ieee}
}
@inproceedings{castro2001probabilistic,
  title={A probabilistic room location service for wireless networked environments},
  author={Castro, Paul and Chiu, Patrick and Kremenek, Ted and Muntz, Richard},
  booktitle={Ubicomp 2001: Ubiquitous Computing},
  pages={18--34},
  year={2001},
  organization={Springer}
}
@article{zandbergen2009accuracy,
  title={Accuracy of iPhone locations: A comparison of assisted GPS, WiFi and cellular positioning},
  author={Zandbergen, Paul A},
  journal={Transactions in GIS},
  volume={13},
  number={s1},
  pages={5--25},
  year={2009},
  publisher={Wiley Online Library}
}
@article{grant2009gps,
  title={GPS jamming and the impact on maritime navigation},
  author={Grant, Alan and Williams, Paul and Ward, Nick and Basker, Sally},
  journal={Journal of Navigation},
  volume={62},
  number={02},
  pages={173--187},
  year={2009},
  publisher={Cambridge Univ Press}
}
@inproceedings{arentz2011near,
  title={Near ultrasonic directional data transfer for modern smartphones},
  author={Arentz, Will Archer and Bandara, Udana},
  booktitle={Proceedings of the 13th international conference on Ubiquitous computing},
  pages={481--482},
  year={2011},
  organization={ACM}
}
@article{bihler2011smartguide,
  title={SmartGuide--A smartphone museum guide with ultrasound control},
  author={Bihler, Pascal and Imhoff, Paul and Cremers, Armin B},
  journal={Procedia Computer Science},
  volume={5},
  pages={586--592},
  year={2011},
  publisher={Elsevier}
}
@inproceedings{tippenhauer2011requirements,
  title={On the requirements for successful GPS spoofing attacks},
  author={Tippenhauer, Nils Ole and P{\"o}pper, Christina and Rasmussen, Kasper Bonne and Capkun, Srdjan},
  booktitle={Proceedings of the 18th ACM conference on Computer and communications security},
  pages={75--86},
  year={2011},
  organization={ACM}
}
@inproceedings{moller2012update,
  title={Update behavior in app markets and security implications: A case study in google play},
  author={M{\"o}ller, Andreas and Michahelles, Florian and Diewald, Stefan and Roalter, Luis and Kranz, Matthias},
  booktitle={Proc. of the 3rd Intl. Workshop on Research in the Large. Held in Conjunction with Mobile HCI},
  pages={3--6},
  year={2012}
}
@inproceedings{shin2012enhanced,
  title={Enhanced weighted K-nearest neighbor algorithm for indoor Wi-Fi positioning systems},
  author={Shin, Beomju and Lee, Jung Ho and Lee, Taikjin and Kim, Hyung Seok},
  booktitle={Computing Technology and Information Management (ICCM), 2012 8th International Conference on},
  volume={2},
  pages={574--577},
  year={2012},
  organization={IEEE}
}
@article{li2005method,
  title={Method for yielding a database of location fingerprints in WLAN},
  author={Li, Binghao and Wang, Yufei and Lee, Hyung Keun and Dempster, Andrew and Rizos, Chris},
  journal={IEE Proceedings-Communications},
  volume={152},
  number={5},
  pages={580--586},
  year={2005},
  publisher={IET}
}
@article{battiti2002location,
  title={Location-aware computing: a neural network model for determining location in wireless LANs},
  author={Battiti, Roberto and Le, Nhat Thang and Villani, Alessandro},
  year={2002},
  publisher={University of Trento}
}
@inproceedings{king2006compass,
  title={Compass: A probabilistic indoor positioning system based on 802.11 and digital compasses},
  author={King, Thomas and Kopf, Stephan and Haenselmann, Thomas and Lubberger, Christian and Effelsberg, Wolfgang},
  booktitle={Proceedings of the 1st international workshop on Wireless network testbeds, experimental evaluation \& characterization},
  pages={34--40},
  year={2006},
  organization={ACM}
}
@inproceedings{pandya2003indoor,
  title={Indoor location estimation using multiple wireless technologies},
  author={Pandya, Dhruv and Jain, Ravi and Lupu, Einil},
  booktitle={Personal, Indoor and Mobile Radio Communications, 2003. PIMRC 2003. 14th IEEE Proceedings on},
  volume={3},
  pages={2208--2212},
  year={2003},
  organization={IEEE}
}
@book{heydon2013bluetooth,
  title={Bluetooth low energy: the developer's handbook},
  author={Heydon, Robin},
  year={2013},
  publisher={Prentice Hall}
}
@inproceedings{kaemarungsi2005efficient,
  title={Efficient design of indoor positioning systems based on location fingerprinting},
  author={Kaemarungsi, Kamol},
  booktitle={Wireless Networks, Communications and Mobile Computing, 2005 International Conference on},
  volume={1},
  pages={181--186},
  year={2005},
  organization={IEEE}
}
